@book{Jon87,
    author    = "Simon L. Peyton Jones",
    title     = "The Implementation of Functional Programming Languages",
    year      = "1987",
    publisher = "Prentice Hall"
}

@book{JonLes00,
    author    = "Simon L. Peyton Jones and David R. Lester",
    title     = "Implementing Functional Languages: A Tutorial",
    year      = "2000",
    publisher = "Prentice Hall"
}

@book{ALSU07,
    author    = "Alfred V. Aho and Monica S. Lam and Ravi Sethi and Jeffrey D. Ullman",
    title     = "Compilers: Principles, Techniques and Tools",
    year      = "2007",
    publisher = "Pearson Education, Inc."
}

@book{Cormen03,
    author    = "Thomas H. Cormen and Charles L. Leiserson and Ronald L. Rivest
        and Clifford Stein",
    title     = "Introduction to Algorithms",
    year      = "2003",
    publisher = "The Massachusets Institute of Technology"
}

@article{Car88,
    author    = "Luca Cardelli",
    title     = "Basic Polymorphic Typechecking",
    journal   = "Science of Computer Programming",
    year      = "1988",
    month     = jun
}

@misc{website:llvm,
    title = "Low Level Virtual Machine",
    url = "\url{http://llvm.org/}",
    note = "\url{http://llvm.org/}"
}

@misc{wiki:bootstrapping,
    author = "Wikipedia",
    title = "Bootstrapping --- {W}ikipedia{,} The Free Encyclopedia",
    url = "\url{http://en.wikipedia.org/wiki/Bootstrapping_(compilers)}",
    note = "\url{http://en.wikipedia.org/wiki/Bootstrapping_(compilers)}"
}

@misc{website:llvm_ir,
    title = "LLVM's Intermediate Representation",
    url = "\url{http://llvm.org/docs/LangRef.html}",
    note = "\url{http://llvm.org/docs/LangRef.html}"
}

@misc{website:hstring_template,
    title = "HStringTemplate templating engine",
    url = "\url{http://www.haskell.org/haskellwiki/HStringTemplate}",
    note = "\url{http://www.haskell.org/haskellwiki/HStringTemplate}"
}

@misc{website:parametric_polymorphism,
    title = "Parametric Polymorphism",
    url = "\url{http://www.haskell.org/haskellwiki/Parametric_polymorphism}",
    note = "\url{http://www.haskell.org/haskellwiki/Parametric_polymorphism}"
}

@misc{wiki:garbage_collection,
    author = "Wikipedia",
    title = "Garbage Collection --- {W}ikipedia{,} The Free Encyclopedia",
    url = "\url{http://en.wikipedia.org/wiki/Garbage_collection_(computer_science)}",
    note = "\url{http://en.wikipedia.org/wiki/Garbage_collection_(computer_science)}"
}

@misc{wiki:ast,
    author = "Wikipedia",
    title = "Abstract Syntax Tree --- {W}ikipedia{,} The Free Encyclopedia",
    url = "\url{http://en.wikipedia.org/wiki/Abstract_syntax_tree}",
    note = "\url{http://en.wikipedia.org/wiki/Abstract_syntax_tree}"
}

@misc{wiki:supercombinator,
    author = "Wikipedia",
    title = "Supercombinator --- {W}ikipedia{,} The Free Encyclopedia",
    url = "\url{http://en.wikipedia.org/wiki/Supercombinator}",
    note = "\url{http://en.wikipedia.org/wiki/Supercombinator}"
}

@misc{website:parsec,
    author = "Parsec",
    url = "\url{http://www.haskell.org/haskellwiki/Parsec}",
    note = "\url{http://www.haskell.org/haskellwiki/Parsec}",
}

